%%%%% monografia refes



@article{schorlemmer2007earthquake,
  author = 	 {D. Schorlemmer and M. Gerstenberger and S. Wiemer
                  and D. Jackson and D. A. Rhoades},
  title = 	 {Earthquake Likelihood Model Testing},
  journal = 	 {Seismological Research Letters},
  year = 	 {2007},
  volume = 	 {78},
  number = 	 {1},
  pages = 	 {17--29},
}

@MISC{Michie94machinelearning,
    author = {D. Michie and D. J. Spiegelhalter and C.C. Taylor},
    title = {Machine Learning, Neural and Statistical Classification},
    year = {1994}
}

@book{Goldberg:1989:GAS:534133,
 author = {Goldberg, David E.},
 title = {Genetic Algorithms in Search, Optimization and Machine Learning},
 year = {1989},
 isbn = {0201157675},
 edition = {1st},
 publisher = {Addison-Wesley Longman Publishing Co., Inc.},
 address = {Boston, MA, USA},
}

@inproceedings{DeRainville:2012:DPF:2330784.2330799,
 author = {De Rainville, Fran\c{c}ois-Michel and Fortin, F{\'e}lix-Antoine and Gardner, Marc-Andr{\'e} and Parizeau, Marc and Gagn{\'e}, Christian},
 title = {DEAP: A Python Framework for Evolutionary Algorithms},
 booktitle = {Proceedings of the Fourteenth International Conference on Genetic and Evolutionary Computation Conference Companion},
 series = {GECCO Companion '12},
 year = {2012},
 isbn = {978-1-4503-1178-6},
 location = {Philadelphia, Pennsylvania, USA},
 pages = {85--92},
 numpages = {8},
 url = {http://doi.acm.org/10.1145/2330784.2330799},
 doi = {10.1145/2330784.2330799},
 acmid = {2330799},
 publisher = {ACM},
 address = {New York, NY, USA},
 keywords = {parallel evolutionary algorithms, software tools},
}

@article{reasenberg1985second,
  title={Second-order moment of central California seismicity, 1969--1982},
  author={Reasenberg, Paul},
  journal={Journal of Geophysical Research: Solid Earth (1978--2012)},
  volume={90},
  number={B7},
  pages={5479--5495},
  year={1985},
  publisher={Wiley Online Library}
}

% Ramos et al use GA to decide the best location for earthquake sensing 
% stations (not very useful in Japan
@InProceedings{Ramos2011,
  author = 	 {Josafath I. Espinosa Ramos and Roberto A. V\'azques},
  title = 	 {Locating Seismic-Sense Stations Through Genetic
                  Algorithms},
  booktitle = {Proceedings of the GECCO'11},
  pages = 	 {941--948},
  year = 	 {2011},
  address = 	 {Dublin, Ireland},
  month = 	 {July},
  publisher = {ACM},
}

%%%% PARAMETER SETTING FOR ONE EARTHQUAKE
% Nickman et al estimate the surface parameters of one earthquake
%onde?

@Article{Nicknam2010,
  author = 	 {Ahmad Nicknam and Reza Abbasnia and Yasser Eslamian
                  and Mohsen Bozorgnasab and Ehsan Adeli Mosabbeb},
  title = 	 {Source parameters estimation of 2003 Bam earthquake
                  Mw 6.5 using empirical Green's function method,
                  based on an evolutionary approach},
  journal = 	 {J. Earth Syst. Sci.},
  year = 	 {2010},
  OPTkey = 	 {},
  volume = 	 {119},
  number = 	 {3},
  pages = 	 {383--396},
  month = 	 {June},
}

%% Also tries to use GA to estimate defining parameters for one quake
%onde?
@Article{Kennett1992,
  author = 	 {B. L. N. Kennet and M. S. Sambridge},
  title = 	 {Earthquake location — genetic algorithms for teleseisms},
  journal = 	 {Physics of the Earth and Planetary Interiors},
  year = 	 {1992},
  OPTkey = 	 {},
  volume = 	 {75},
  number = 	 {1--3},
  pages = 	 {103--110},
  month = 	 {December},
}

%%%% Estimating the Peak Ground Acceleration
@Article{Kermani2009,
  author = 	 {E. Kermani and Y. Jafarian and M. H. Baziar},
  title = 	 {New Predictive Models for the $v_{max}/a_{max}$
                  Ratio of Strong Ground Motions using Genetic
                  Programming},
  journal = 	 {International Journal of Civil Engineering},
  year = 	 {2009},
  OPTkey = 	 {},
  volume = 	 {7},
  number = 	 {4},
  pages = 	 {236--247},
  month = 	 {December},
}

@Article{Cabalar2009,
  author = 	 {Ali Firat Cabalar and Abdulkadir Cevik},
  title = 	 {Genetic Programming-based attenuation relationship:
                  An application of recent earthquakes in Turkey},
  journal = 	 {Computers and Geosciences},
  year = 	 {2009},  
  volume = 	 {35},
  pages = 	 {1884--1896},
  month = 	 {October},
}

@article{pga_Kerh,
year={2010},
issn={0941-0643},
journal={Neural Computing and Applications},
volume={19},
number={4},
doi={10.1007/s00521-009-0301-z},
title={Neural computing with genetic algorithm in evaluating potentially hazardous metropolitan areas result from earthquake},
url={http://dx.doi.org/10.1007/s00521-009-0301-z},
publisher={Springer-Verlag},
keywords={Neural network; Genetic algorithm; Potentially hazardous metropolitan area; Seismic record; Peak ground acceleration},
author={Kerh, Tienfuan and Gunaratnam, David and Chan, Yaling},
pages={521-529},
language={English}
}


%% VERY BAD Paper, can't be reproduced
@InProceedings{Zhang2012,
  author = 	 {Qiuen Zhang and Cheng Wang},
  title = 	 {Using Genetic Algorithms to Optimize Artificial
                  Neural Network: a case study on Earthquake
                  Prediction},
  booktitle = {Second International Conference on Genetic and Evolutionary Computing},
  pages = 	 {128--131},
  year = 	 {2012},
  organization = {IEEE},
  OPTnote = 	 {http://www.slashdocs.com/quumy/using-genetic-algorithm-to-optimize-artificial-neural-network-a-case-study-on-earthquake-prediction.html},
}

% Não usa GA, mas faz previsão de terremotos! Com LM-BP Rede Neural
@inproceedings{zhou2014earthquake,
  title={Earthquake Prediction Based on LM-BP Neural Network},
  author={Zhou, Feiyan and Zhu, Xiaofeng},
  booktitle={Proceedings of the 9th International Symposium on Linear Drives for Industry Applications, Volume 1},
  pages={13--20},
  year={2014},
  organization={Springer}
}

%no japao, ga p e s waves
@article{ijse5762,
	author = {A. M. Huda and Bagus Santosa},
	title = {Subsurface Structure in Japan Based on P and S waves Travel Time Analysis Using Genetic Algorithm in Japan Seismological Network},
	journal = {International Journal of Science and Engineering},
	volume = {6},
	number = {1},
	year = {2014},
	keywords = {velocity structure, genetic algorithm, travel time, Japan seismological broadband},
	abstract = {Experiment to obtain the subsurface structure in Japan is conducted using seismograms analysis of earthquakes in Japan. All 101 data was used from events in 2012, selected by a maximum depth of 60 km and magnitude between 4.2 to 5.5 Mj. Determination of 1-D subsurface structure is done by utilizing the inversion method with genetic algorithm approach. P wave and S wave velocity structure are determined based on arrival times at receiver. The crustal thickness is known of 33,66 km. P wave velocity for the upper and lower crust, are 6,03 km/s and 6,92 km/s, respectively, and velocity in the upper mantle is 8,18 km/s. S wave velocity for the upper and lower crust are given 3,38 km/s and 3,89 km/s respectively, and the velocity in the upper mantle is 4,59 km/s. If the range integrated to the stable parameter of velocity structure, it shows stable result and the subsurface structure has sufficiently high compatibility.},
	issn = {2302-5743},	url = {http://www.ejournal.undip.ac.id/index.php/ijse/article/view/5762}
}

@article{koza2003genetic,
  title={Genetic programming’s human-competitive results},
  author={Koza, John R and Keane, Martin A and Streeter, Matthew J},
  journal={IEEE Intelligent Systems},
  pages={25--31},
  year={2003},
  publisher={Citeseer}
}

%%%float-poiting represantations
@inproceedings{janikow1991experimental,
  title={An experimental comparison of binary and floating point representations in genetic algorithms.},
  author={Janikow, Cezary Z and Michalewicz, Zbigniew},
  booktitle={ICGA},
  pages={31--36},
  year={1991}
}


%%blend cross definição
@inproceedings{takahashi2001crossover,
  title={A crossover operator using independent component analysis for real-coded genetic algorithms},
  author={Takahashi, Masato and Kita, Hajime},
  booktitle={Evolutionary Computation, 2001. Proceedings of the 2001 Congress on},
  volume={1},
  pages={643--649},
  year={2001},
  organization={IEEE}
}

%2points/n-point, diz que alpha = 0.5
@article{herrera1998tackling,
  title={Tackling real-coded genetic algorithms: Operators and tools for behavioural analysis},
  author={Herrera, Francisco and Lozano, Manuel and Verdegay, Jose L.},
  journal={Artificial intelligence review},
  volume={12},
  number={4},
  pages={265--319},
  year={1998},
  publisher={Springer}
}

%citado pelo anterior
@inproceedings{schaffer1989study,
  title={A study of control parameters affecting online performance of genetic algorithms for function optimization},
  author={Schaffer, J David and Caruana, Richard A and Eshelman, Larry J and Das, Rajarshi},
  booktitle={Proceedings of the third international conference on Genetic algorithms},
  pages={51--60},
  year={1989},
  organization={Morgan Kaufmann Publishers Inc.}
}

%%%%%paper refes




@Misc{Nature1999,
  key = 	 {},
  author = 	 {A. Saegusa},
  title = 	 {Japan tries to understand quakes, not predict them},
  howpublished = {Nature 397, 284},
  year = 	 {1999},
}

Saegusa, A., Japan tries to understand quakes, not predict them, Nature 397, 284 (1999).


%%%%%%%%%%%%%%%%%%%%%%%%%%%%%
%%%% CSEP Special Issue 

%% The RI Model
@Article{Nanjo2011,
  author = 	 {K. Z. Nanjo},
  title = 	 {Earthquake forecasts for the CSEP Japan experiment based on the RI algorithm},
  journal = 	 {Earth Planets Space},
  year = 	 {2011},
  volume = 	 {63},
  pages = 	 {261--274},
}

%% The RI Model
@Article{Nanjo2011b,
  author = 	 {K. Z. Nanjo and H. Tsuruoka and N. Hirata and T. H. Jordan},
  title = 	 {Overview of the first earthquake forecast testing experiment in Japan},
  journal = 	 {Earth Planets Space},
  year = 	 {2011},
  volume = 	 {63},
  pages = 	 {159--169},
}

%%%%%%%%%%%%%%%%%%%%%%%%%%%%%
%%%% Earthquake Model Testing

@Article{Zechar2010,
  author = 	 {J. Douglas Zechar and Thomas H. Jordan},
  title = 	 {The Area Skill Score Statistic for Evaluating
                  Earthquake Predictability Experiments},
  journal = 	 {Pure and Applied Geophysics},
  year = 	 {2010},
  volume = 	 {167},
  number = 	 {8--9},
  pages = 	 {893--906},
  month = 	 {August},
}

%% Schorlemmer R-Test, N-Test, etc (Eu li a versao de 2004, nao esta)
@Article{Schorlemmer2007,
  author = 	 {D. Schorlemmer and M. Gerstenberger and S. Wiemer
                  and D. Jackson and D. A. Rhoades},
  title = 	 {Earthquake Likelihood Model Testing},
  journal = 	 {Seismological Research Letters},
  year = 	 {2007},
  volume = 	 {78},
  number = 	 {1},
  pages = 	 {17--29},
}


%%%%%%%%%%%%%%%%%%%%%%%%%%%%
%%% Earthquakes and GA %%%%%


%%%% STATION/EQUIPMENT SETTING %%%%
% Ramos et al use GA to decide the best location for earthquake sensing 
% stations (not very useful in Japan


%%%% PARAMETER SETTING FOR ONE EARTHQUAKE
% Nickman et al estimate the surface parameters of one earthquake

%% Also tries to use GA to estimate defining parameters for one quake


%%%% Estimating the Peak Ground Acceleration

%%%% Earthquake Forecasting



%% Only forecasts the Magnitude (WTF??)
@incollection{Feiyan2014,
year={2014},
isbn={978-3-642-40617-1},
booktitle={Proceedings of the 9th International Symposium on Linear Drives for Industry Applications, Volume 1},
volume={270},
series={Lecture Notes in Electrical Engineering},
editor={Liu, Xiaozhu and Ye, Yunyue},
doi={10.1007/978-3-642-40618-8_2},
title={Earthquake Prediction Based on LM-BP Neural Network},
url={http://dx.doi.org/10.1007/978-3-642-40618-8_2},
publisher={Springer Berlin Heidelberg},
keywords={BP neural network; LM algorithm; Earthquake prediction},
author={Zhou, Feiyan and Zhu, Xiaofeng},
pages={13-20},
language={English}
}

%% Li Thesis
% No name in roman letters, can't find the correct reference

%% Zhou 2002, seem to be relevant, but I can't find the 
%% full text PDF to read this (Damn you paywalls)
@article{Zhou2002,
year={2002},
issn={1000-9116},
journal={Acta Seismologica Sinica},
volume={15},
number={6},
doi={10.1007/s11589-002-0092-0},
title={Demarcation of potential seismic sources on integration of genetic algorithm and BP algorithm},
url={http://dx.doi.org/10.1007/s11589-002-0092-0},
publisher={Seismological Society of China},
keywords={genetic algorithm; BP algorithm; potential seismic sources; P315.5},
author={Zhou, Qing and Ye, Hong},
pages={677-682},
language={English}
}


%%%%%%%%%%%%%%%%%%%%%%%%%%%%%
%% Miscelaneus

%% Numerical Recipes
@Book{NumericalRecipes,
  author = 	 {William H. Press and Saul A. Teukolsky and Willian
                  T. Vetterling and Brian P. Flannery},
  title = 	 {Numerical Recipes, The Art of Scientific Computing},
  publisher = 	 {Cambridge University Press},
  year = 	 {2007},
  edition = 	 {Third},
}

%% aNDX crossover operator by Someya
@Article{Someya2013,
  author = 	 {Hiroshi Someya},
  title = 	 {Striking a Mean- and Parent-Centric Balance in
                  Real-Valued Crossover Operators},
  journal = 	 {Transactions on Evolutionary Computation},
  year = 	 {2013},
  key = 	 {},
  volume = 	 {17},
  number = 	 {6},
  pages = 	 {737--754},
  month = 	 {December},
}

@Article{Koza2003,
  author = 	 {John R. Koza and Martin A. Keane and Matthew J. Streeter},
  title = 	 {What's AI done for me lately? Genetic Programming's
                  Human-Competitive Results},
  journal = 	 {IEEE Intelligent Systems},
  year = 	 {2003},
  volume = 	 {18},
  number = 	 {3},
  pages = 	 {25--31},
}

%ETAS - Where i got my ideas for mixing
@article{zhuang2004analyzing,
  title={Analyzing earthquake clustering features by using stochastic reconstruction},
  author={Zhuang, Jiancang and Ogata, Yosihiko and Vere-Jones, David},
  journal={Journal of Geophysical Research: Solid Earth (1978--2012)},
  volume={109},
  number={B5},
  year={2004}
}

%gambling
@article{zhuang2010gambling,
  title={Gambling scores for earthquake predictions and forecasts},
  author={Zhuang, Jiancang},
  journal={Geophysical Journal International},
  volume={181},
  number={1},
  pages={382--390},
  year={2010},
  publisher={Oxford University Press}
}


%biblia do zechar
%corssa theme VI - tudo do Zechar
@article{zechar2010evaluating,
  title={Evaluating earthquake predictions and earthquake forecasts: A guide for students and new researchers},
  author={Zechar, J Douglas},
  journal={Community Online Resource for Statistical Seismicity Analysis},
  pages={1--26},
  year={2010}
}

%ECTA - :)
@conference{ecta14,
author={Claus Aranha and Yuri Cossich Lavinas and Marcelo Ladeira and Bogdan Enescu},
title={Is it Possible to Generate Good Earthquake Risk Models Using Genetic Algorithms?},
booktitle={Proceedings of the International Conference on Evolutionary Computation Theory and Applications},
year={2014},
pages={49-58},
doi={10.5220/0005072600490058},
isbn={978-989-758-052-9},
}


%Earthquake def on UnB lab group page
@misc{obsis,
author = {Obsis},
year={2015},
title = {O que é um terremoto?},
howpublished = "\url{http://www.obsis.unb.br/index.php?option=com_content&view=article&id=54&Itemid=65&lang=pt-br}",
note = "[Online; acessado: 07-07-2015]"
}

%NSGA-II mut deap
@article{deb2002fast,
  title={A fast and elitist multiobjective genetic algorithm: NSGA-II},
  author={Deb, Kalyanmoy and Pratap, Amrit and Agarwal, Sameer and Meyarivan, TAMT},
  journal={Evolutionary Computation, IEEE Transactions on},
  volume={6},
  number={2},
  pages={182--197},
  year={2002},
  publisher={IEEE}
}
%pag dos operadores deap
@misc{webDeap,
author = {Deap Project},
title = {Evolutionary Tool},
month = jul,
year = {2015},
howpublished = "\url{http://deap.gel.ulaval.ca/doc/default/api/tools.html#deap.tools.mutPolynomialBounded}",
note = "[Online; acessado: 08-07-2015]"
}

%omori utsu atualizada
@article{utsu1995centenary,
  title={The centenary of the Omori formula for a decay law of aftershock activity.},
  author={Utsu, Tokuji and Ogata, Yosihiko},
  journal={Journal of Physics of the Earth},
  volume={43},
  number={1},
  pages={1--33},
  year={1995},
  publisher={The Seismological Society of Japan, The Volcanological Society of Japan, The Geodetic Society of Japan}
}

%omori law, primeira
@article{omori1895after,
  title={On the after-shocks of earthquakes},
  author={Omori, Fusakichi},
  year={1895},
  publisher={College of Science, Imperial University}
}

L,N,R test exp design
@article{schorlemmer2010first,
  title={First results of the regional earthquake likelihood models experiment},
  author={Schorlemmer, Danijel and Zechar, J Douglas and Werner, Maximilian J and Field, Edward H and Jackson, David D and Jordan, Thomas H and RELM Working Group},
  journal={Pure and Applied Geophysics},
  volume={167},
  number={8-9},
  pages={859--876},
  year={2010},
  publisher={SP Birkh{\"a}user Verlag Basel}
}

%quakes triggered alpha par
@article{ogata2006space,
  title={Space--time ETAS models and an improved extension},
  author={Ogata, Yosihiko and Zhuang, Jiancang},
  journal={Tectonophysics},
  volume={413},
  number={1},
  pages={13--23},
  year={2006},
  publisher={Elsevier}
}

%utsu p values ref until now
@article{utsu1995centenary,
  title={The centenary of the Omori formula for a decay law of aftershock activity.},
  author={Utsu, Tokuji and Ogata, Yosihiko},
  journal={Journal of Physics of the Earth},
  volume={43},
  number={1},
  pages={1--33},
  year={1995},
  publisher={The Seismological Society of Japan, The Volcanological Society of Japan, The Geodetic Society of Japan}
}

%etasim sapp R
@article{ogata2006statistical,
  title={Statistical analysis of seismicity: updated version (SA-Seis2006)},
  author={Ogata, Yosihiko},
  journal={Computer Science Monographs},
  volume={33},
  pages={29},
  year={2006}
}

%for b value of gutenberg ritcher law
@article{helmstetter2003predictability,
  title={Predictability in the epidemic-type aftershock sequence model of interacting triggered seismicity},
  author={Helmstetter, Agnes and Sornette, Didier},
  journal={Journal of Geophysical Research: Solid Earth (1978--2012)},
  volume={108},
  number={B10},
  year={2003},
  publisher={Wiley Online Library}
}

%A for the area in quakes triggered
@article{yamanaka1990scaling,
  title={Scaling relationship between the number of aftershocks and the size of the main shock.},
  author={Yamanaka, Yoshiko and Shimazaki, Kunihiko},
  journal={Journal of Physics of the Earth},
  volume={38},
  number={4},
  pages={305--324},
  year={1990}
}